<record xmlns='http://www.loc.gov/MARC21/slim'><leader>03302cmm a2200565Ii 4500</leader><controlfield tag='005'>20200622103051.0</controlfield><controlfield tag='007'>cz cza||||||||</controlfield><controlfield tag='008'>171218s2017    cau     q  g        eng d</controlfield><controlfield tag='001'>991036962208303811</controlfield><datafield ind1=' ' ind2=' ' tag='020'><subfield code='a'>9780692915523</subfield></datafield><datafield ind1=' ' ind2=' ' tag='020'><subfield code='a'>0692915524</subfield></datafield><datafield ind1=' ' ind2=' ' tag='035'><subfield code='a'>(OCoLC)1018365436</subfield></datafield><datafield ind1=' ' ind2=' ' tag='040'><subfield code='a'>EYM</subfield><subfield code='b'>eng</subfield><subfield code='e'>rda</subfield><subfield code='c'>EYM</subfield><subfield code='d'>OCLCO</subfield><subfield code='d'>OCLCF</subfield></datafield><datafield ind1=' ' ind2=' ' tag='099'><subfield code='a'>Video Game 18 11</subfield></datafield><datafield ind1='0' ind2='0' tag='245'><subfield code='a'>Walden, a game.</subfield></datafield><datafield ind1=' ' ind2=' ' tag='250'><subfield code='a'>PC, Mac.</subfield></datafield><datafield ind1=' ' ind2='1' tag='264'><subfield code='a'>[Los Angeles, California] :</subfield><subfield code='b'>Game Innovation Lab,</subfield><subfield code='c'>[2017]</subfield></datafield><datafield ind1=' ' ind2=' ' tag='300'><subfield code='a'>1 USB flash drive :</subfield><subfield code='b'>sound, color ;</subfield><subfield code='c'>6 cm, in case 12 x 9 x 3 cm</subfield></datafield><datafield ind1=' ' ind2=' ' tag='336'><subfield code='a'>computer program</subfield><subfield code='b'>cop</subfield><subfield code='2'>rdacontent</subfield></datafield><datafield ind1=' ' ind2=' ' tag='336'><subfield code='a'>two-dimensional moving image</subfield><subfield code='b'>tdi</subfield><subfield code='2'>rdacontent</subfield></datafield><datafield ind1=' ' ind2=' ' tag='337'><subfield code='a'>computer</subfield><subfield code='b'>c</subfield><subfield code='2'>rdamedia</subfield></datafield><datafield ind1=' ' ind2=' ' tag='338'><subfield code='a'>other</subfield><subfield code='b'>cz</subfield><subfield code='2'>rdacarrier</subfield></datafield><datafield ind1=' ' ind2=' ' tag='340'><subfield code='g'>polychrome</subfield><subfield code='2'>rdacc</subfield><subfield code='0'>http://rdaregistry.info/termList/RDAColourContent/1003</subfield></datafield><datafield ind1=' ' ind2=' ' tag='347'><subfield code='a'>data file</subfield><subfield code='2'>rdaft</subfield><subfield code='0'>http://rdaregistry.info/termList/fileType/1005</subfield></datafield><datafield ind1=' ' ind2=' ' tag='500'><subfield code='a'>&quot;Play deliberately.&quot;--USB verso.</subfield></datafield><datafield ind1=' ' ind2=' ' tag='538'><subfield code='a'>System requirements for PC: Windows 7/8/10; 24 GHz Dual Core processor or equivalent; 8 GB RAM; 2 GB hard drive space; 1024 MB NVidia or ATI graphics card.</subfield></datafield><datafield ind1=' ' ind2=' ' tag='538'><subfield code='a'>System requirements for Mac: OX X 10.9+; 24 GHz Dual Core processor or equivalent; 8 GB RAM; 2 GB hard drive space; 1024 MB NVidia or ATI graphics card.</subfield></datafield><datafield ind1=' ' ind2=' ' tag='500'><subfield code='a'>Title from drive surface.</subfield></datafield><datafield ind1=' ' ind2=' ' tag='520'><subfield code='a'>&quot;Play as Henry David Thoreau in this beautiful and immersive 3D game set in the woods of Walden Pond, 1845. Build a cabin and life a self-reliant life over the changing seasons of the year. Explore the woods to find its hidden wonders. Interact with Ralph Waldo Emerson and other historical characters&quot;--Container.</subfield></datafield><datafield ind1=' ' ind2=' ' tag='563'><subfield code='a'>USB in wooden housing with attached brown cord. Issued in silver metal tin.</subfield><subfield code='5'>PPT</subfield></datafield><datafield ind1=' ' ind2='0' tag='650'><subfield code='a'>Transcendentalism</subfield><subfield code='0'>https://id.loc.gov/authorities/subjects/sh85136885</subfield><subfield code='v'>Computer games.</subfield><subfield code='0'>https://id.loc.gov/authorities/subjects/sh99001415</subfield></datafield><datafield ind1=' ' ind2='7' tag='650'><subfield code='a'>Transcendentalism.</subfield><subfield code='2'>fast</subfield><subfield code='0'>https://id.worldcat.org/fast/1154548</subfield></datafield><datafield ind1=' ' ind2='0' tag='651'><subfield code='a'>Walden Pond (Middlesex County, Mass.)</subfield><subfield code='0'>https://id.loc.gov/authorities/subjects/sh98005861</subfield><subfield code='v'>Computer games.</subfield><subfield code='0'>https://id.loc.gov/authorities/subjects/sh99001415</subfield></datafield><datafield ind1=' ' ind2='7' tag='655'><subfield code='a'>Computer games.</subfield><subfield code='2'>fast</subfield><subfield code='0'>https://id.worldcat.org/fast/1423728</subfield></datafield><datafield ind1=' ' ind2='0' tag='655'><subfield code='a'>Computer games.</subfield></datafield><datafield ind1=' ' ind2='7' tag='655'><subfield code='a'>Video games.</subfield><subfield code='2'>aat</subfield></datafield><datafield ind1='1' ind2='7' tag='600'><subfield code='a'>Thoreau, Henry David,</subfield><subfield code='d'>1817-1862.</subfield><subfield code='2'>fast</subfield><subfield code='0'>https://id.worldcat.org/fast/29125</subfield></datafield><datafield ind1='1' ind2='0' tag='600'><subfield code='a'>Thoreau, Henry David,</subfield><subfield code='d'>1817-1862</subfield><subfield code='0'>https://id.loc.gov/authorities/names/n78095600</subfield><subfield code='v'>Computer games.</subfield><subfield code='0'>https://id.loc.gov/authorities/subjects/sh99001415</subfield></datafield><datafield ind1=' ' ind2=' ' tag='753'><subfield code='a'>IBM PC.</subfield></datafield><datafield ind1=' ' ind2=' ' tag='753'><subfield code='a'>Macintosh computer.</subfield></datafield><datafield ind1='2' ind2=' ' tag='710'><subfield code='a'>University of Southern California.</subfield><subfield code='0'>https://id.loc.gov/authorities/names/n79006531</subfield><subfield code='b'>Game Innovation Lab,</subfield><subfield code='e'>publisher.</subfield></datafield><datafield ind1=' ' ind2=' ' tag='902'><subfield code='a'>MARCIVE-BF 20190703</subfield></datafield><datafield ind1=' ' ind2=' ' tag='904'><subfield code='a'>MARCIVE-TEUM 20221209</subfield></datafield><datafield ind1=' ' ind2=' ' tag='979'><subfield code='a'>(OCoLC)1018365436</subfield></datafield><datafield ind1=' ' ind2=' ' tag='997'><subfield code='a'>20181217150452.0</subfield><subfield code='c'>MKD</subfield><subfield code='d'>TEU</subfield><subfield code='s'>OCLC</subfield><subfield code='e'>WCAT</subfield></datafield><datafield ind1=' ' ind2=' ' tag='ADM'><subfield code='b'>2023-02-20 01:19:51</subfield><subfield code='e'>991036962208303811</subfield><subfield code='d'>MARCIVE</subfield><subfield code='f'>20200622103051.0</subfield><subfield code='a'>2018-12-10 21:22:43</subfield><subfield code='c'>false</subfield></datafield><datafield ind1='8' ind2=' ' tag='HLD'><subfield code='b'>DSC</subfield><subfield code='c'>games</subfield><subfield code='h'> Video Game 18 11 </subfield><subfield code='8'>22467010400003811</subfield><subfield code='updated'>2019-05-11 02:10:10</subfield><subfield code='created'>2019-05-11 02:10:06</subfield></datafield><datafield ind1=' ' ind2=' ' tag='ITM'><subfield code='r'>22467010400003811</subfield><subfield code='b'>1</subfield><subfield code='h'>8</subfield><subfield code='g'>games</subfield><subfield code='t'>VIDEOGAME</subfield><subfield code='9'>39074031641095</subfield><subfield code='e'>games</subfield><subfield code='8'>23439889400003811</subfield><subfield code='a'>22</subfield><subfield code='i'>Video Game 18 11</subfield><subfield code='updated'>2019-05-11 02:10:41</subfield><subfield code='q'>2018-12-10 21:23:06</subfield><subfield code='d'>DSC</subfield><subfield code='f'>DSC</subfield></datafield></record>